%Mark Stillwell%
@phdthesis{stillwell2010dfc,
  author       = {Mark Stillwell},
  title        = {Dynamic Fractional Resource Scheduling for Cluster Platforms},
  type         = phd, 
  school       = uhm,
  month        = dec, 
  year         = 2010 
}


% Journal Articles
@string(jpdc = {Journal of Parallel and Distributed Computing})
@string(tpds = {{IEEE} Transactions on Parallel and Distributed Systems})
@article{stillwell2011fdr,
  author       = {Stillwell, Mark and Vivien, Fr{\'e}d{\'e}ric and Casanova, Henri},
  title        = {Dynamic Fractional Resource Scheduling versus Batch Scheduling},
  journal      = tpds,
  volume       = 23,
  number       = 3,
  year         = 2012,
  pages        = {521--529}
}

@article{stillwell2010raa,
  author       = {Stillwell, Mark and Schanzenbach, David and Vivien, Fr{\'e}d{\'e}ric and Casanova, Henri},
  title        = {Resource Allocation Algorithms for Virtualized Service Hosting Platforms},
  journal      = jpdc,
  volume       = 70,
  number       = 9,
  year         = 2010,
  pages        = {962--974}
}


% Conference Articles
@inproceedings{stillwell2012vmr,
 title={Virtual machine resource allocation for service hosting on heterogeneous distributed platforms},
  author={Stillwell, Mark and Vivien, Frederic and Casanova, Henri},
  booktitle={Parallel \& Distributed Processing Symposium (IPDPS), 2012 IEEE 26th International},
  pages={786--797},
  year={2012},
  organization={IEEE}
}

@inproceedings{clauss2011sno,
  author       = {Clauss, Pierre-Nicolas and Stillwell, Mark and Genaud, St{\'e}phane and Suter, Fr{\'e}d{\'e}ric and Casanova, Henri and Quinson, Martin},
  title        = {Single Node On-Line Simulation of {MPI} Applications with {SMPI}},
  crossref     = {ipdps11}
}

@inproceedings{stillwell2010dfr,
  author       = {Stillwell, Mark and Vivien, Fr{\'e}d{\'e}ric and Casanova, Henri},
  title        = {Dynamic Fractional Resource Scheduling for {HPC} Workloads},
  crossref     = {ipdps10}
}

@inproceedings{stillwell2009rav,
  author       = {Stillwell, Mark and Schanzenbach, David and Vivien, Fr{\'e}d{\'e}ric and Casanova, Henri},
  title        = {Resource Allocation using Virtual Clusters},
  crossref     = {ccgrid09}
}


% Conference Posters
@inproceedings{stillwell2010dfp,
  author       = {Stillwell, Mark},
  title        = {Dynamic Fractional Resource Scheduling for Cluster Platforms},
  booktitle    = {Proceedings of the 24th {IEEE} International Parallel and Distributed Processing Symposium {PhD} Forum (IPDPS'10 Workshops)},
  month        = apr,
  year         = 2010,
  note         = {research poster presentation}
}


% Technical Reports
@techreport{casanova2011vmr,
  author       = {Casanova, Henri and Stillwell, Mark and Vivien, Fr{\'e}d{\'e}ric},
  title        = {Virtual Machine Resource Allocation for Service Hosting on Heterogeneous Distributed Platforms},
  institution  = inria,
  number       = {RR-7772},
  month        = oct,
  year         = 2011
}

@techreport{beaumont2011sfs,
  author       = {Beaumont, Olivier and Bobelin, Laurent and Casanova, Henri and Clauss, Pierre-Nicolas and Donassolo, Bruno and Eyraud-Dubois, Lionel and Genaud, Stephane and Hunold, Sascha and Legrand, Arnaud and Quinson, Martin and Rosa, Christian and Schnorr, Lucas Mello and Stillwell, Mark and Suter, Frederic and Thiery, Christophe and Velho, Pedro and Vincent, Jean-Marc and Won, Young J.},
  title        = {Towards Scalable, Accurate, and Usable Simulations of Distributed Applications and Systems},
  institution  = inria,
  number       = {RR-7761},
  month        = oct,
  year         = 2011
}

@techreport{casanova2011dfr,
  author       = {Casanova, Henri and Stillwell, Mark and Vivien, Fr{\'e}d{\'e}ric},
  title        = {Dynamic Fractional Resource Scheduling vs. Batch Scheduling},
  institution  = inria,
  number       = {RR-7659},
  month        = jun,
  year         = 2011
}

@techreport{clauss2010sno,
  author       = {Clauss, Pierre-Nicolas and Suter, Fr{\'e}d{\'e}ric and Stillwell, Mark and Casanova, Henri and Genaud, St{\'e}phane and Quinson, Martin},
  title        = {Single Node On-Line Simulation of {MPI} Applications with {SMPI}},
  institution  = inria,
  number       = {RR-7426},
  month        = oct,
  year         = 2010
}

@techreport{stillwell2008rav,
  author       = {Stillwell, Mark and Schanzenbach, David and Vivien, Fr{\'e}d{\'e}ric and Casanova, Henri},
  title        = {Resource Allocation using Virtual Clusters},
  institution  = uhmics,
  number       = {ICS2008-09-01},
  month        = sep, 
  year         = 2008,
  note         = {also available as LIP 2008-33 and INRIA 6692}
}

%Anshul Rai%
@inproceedings{rai2012generalized,
  title={Generalized resource allocation for the cloud},
  author={Rai, Anshul and Bhagwan, Ranjita and Guha, Saikat},
  booktitle={Proceedings of the Third ACM Symposium on Cloud Computing},
  pages={15},
  year={2012},
  organization={ACM}
}

@article{maguluri2014heavy,
  title={Heavy traffic optimal resource allocation algorithms for cloud computing clusters},
  author={Maguluri, Siva Theja and Srikant, R and Ying, Lei},
  journal={Performance Evaluation},
  volume={81},
  pages={20--39},
  year={2014},
  publisher={Elsevier}
}

@article{panigrahy2011heuristics,
  title={Heuristics for vector bin packing},
  author={Panigrahy, Rina and Talwar, Kunal and Uyeda, Lincoln and Wieder, Udi},
  journal={research. microsoft. com},
  year={2011}
}

@article{caprara2001lower,
  title={Lower bounds and algorithms for the 2-dimensional vector packing problem},
  author={Caprara, Alberto and Toth, Paolo},
  journal={Discrete Applied Mathematics},
  volume={111},
  number={3},
  pages={231--262},
  year={2001},
  publisher={Elsevier}
}

@inproceedings{leinberger1999multi,
  title={Multi-capacity bin packing algorithms with applications to job scheduling under multiple constraints},
  author={Leinberger, William and Karypis, George and Kumar, Vipin},
  booktitle={Parallel Processing, 1999. Proceedings. 1999 International Conference on},
  pages={404--412},
  year={1999},
  organization={IEEE}
}

@inproceedings{van2009sla,
  title={SLA-aware virtual resource management for cloud infrastructures},
  author={Van, Hien Nguyen and Tran, Frederic Dang and Menaud, Jean-Marc},
  booktitle={Computer and Information Technology, 2009. CIT'09. Ninth IEEE International Conference on},
  volume={1},
  pages={357--362},
  year={2009},
  organization={IEEE}
}

@inproceedings{bansal2006improved,
  title={Improved approximation algorithms for multidimensional bin packing problems},
  author={Bansal, Nikhil and Caprara, Alberto and Sviridenko, Maxim},
  booktitle={Foundations of Computer Science, 2006. FOCS'06. 47th Annual IEEE Symposium on},
  pages={697--708},
  year={2006},
  organization={IEEE}
}

@article{schellekens2004correspondence,
  title={The correspondence between partial metrics and semivaluations},
  author={Schellekens, Michel P},
  journal={Theoretical Computer Science},
  volume={315},
  number={1},
  pages={135--149},
  year={2004},
  publisher={Elsevier}
}

@book{davey2002introduction,
  title={Introduction to lattices and order},
  author={Davey, Brian A and Priestley, Hilary A},
  year={2002},
  publisher={Cambridge university press}
}

@inproceedings{mannila2000global,
  title={Global partial orders from sequential data},
  author={Mannila, Heikki and Meek, Christopher},
  booktitle={Proceedings of the sixth ACM SIGKDD international conference on Knowledge discovery and data mining},
  pages={161--168},
  year={2000},
  organization={ACM}
}

@article{vakilinia2015modeling,
  title={Modeling of the resource allocation in cloud computing centers},
  author={Vakilinia, Shahin and Ali, Mustafa Mehmet and Qiu, Dongyu},
  journal={Computer Networks},
  volume={91},
  pages={453--470},
  year={2015},
  publisher={Elsevier}
}

%choco3%
@manual{choco3,
  author        = {Charles Prud'homme and Jean-Guillaume Fages and Xavier Lorca},
  title         = {Choco3 Documentation},
  year          = {2014},
  organization  = {TASC, INRIA Rennes, LINA CNRS UMR 6241, COSLING S.A.S.},
  timestamp     = {Thu, 11 May 2015},
  url           = {http://www.choco-solver.org },
}

@incollection{shaw2004constraint,
  title={A constraint for bin packing},
  author={Shaw, Paul},
  booktitle={Principles and Practice of Constraint Programming--CP 2004},
  pages={648--662},
  year={2004},
  publisher={Springer}
}

@inproceedings{korf2003improved,
  title={An improved algorithm for optimal bin packing},
  author={Korf, Richard E}
}

@inproceedings{korf2002new,
  title={A new algorithm for optimal bin packing},
  author={Korf, Richard E},
  booktitle={AAAI/IAAI},
  pages={731--736},
  year={2002}
}

@article{martello1990lower,
  title={Lower bounds and reduction procedures for the bin packing problem},
  author={Martello, Silvano and Toth, Paolo},
  journal={Discrete applied mathematics},
  volume={28},
  number={1},
  pages={59--70},
  year={1990},
  publisher={Elsevier}
}

@manual{mpcx,
  author        = {Maxeler},
  title         = {MPC-X, https://www.maxeler.com/products/mpc-xseries},
  year          = {2015},
  organization  = {Maxeler Tech.},
  url           = { https://www.maxeler.com/products/mpc-xseries},
}

@manual{maxeler,
  author        = {Maxeler},
  title         = {https://www.maxeler.com},
  year          = {2016}, 
  url           = { https://www.maxeler.com},
}

@manual{openstack,
  author        = {OpenStack},
  title         = {http://www.openstack.org},
  year          = {2016}, 
  url           = { http://www.openstack.org},
}

@manual{xtreemfs,
  author        = {XtreemFS},
  title         = {http://www.xtreemfs.org},
  year          = {2016}, 
  url           = { http://www.xtreemfs.org},
}



@manual{galib,
  author        = {GAlib: A C++ Library of Genetic Algorithm Components},
  title         = {http:// lancet.mit.edu/ga},
  year          = {2010}
}

@manual{map,
  author        = {Microsoft Assessment and Planning Toolkit (MAP)},
  title         = {http://www.microsoft.com/map/},
  }

@inproceedings{nguyen2009autonomic,
  title={Autonomic virtual resource management for service hosting platforms},
  author={Nguyen Van, Hien and Dang Tran, Frederic and Menaud, Jean-Marc},
  booktitle={Proceedings of the 2009 ICSE Workshop on Software Engineering Challenges of Cloud Computing},
  pages={1--8},
  year={2009},
  organization={IEEE Computer Society}
}

@article{urgaonkar2008agile,
  title={Agile dynamic provisioning of multi-tier internet applications},
  author={Urgaonkar, Bhuvan and Shenoy, Prashant and Chandra, Abhishek and Goyal, Pawan and Wood, Timothy},
  journal={ACM Transactions on Autonomous and Adaptive Systems (TAAS)},
  volume={3},
  number={1},
  pages={1},
  year={2008},
  publisher={ACM}
}

@inproceedings{ballani2011towards,
  title={Towards predictable datacenter networks},
  author={Ballani, Hitesh and Costa, Paolo and Karagiannis, Thomas and Rowstron, Ant},
  booktitle={ACM SIGCOMM Computer Communication Review},
  volume={41},
  number={4},
  pages={242--253},
  year={2011},
  organization={ACM}
}

@inproceedings{guo2010secondnet,
  title={Secondnet: a data center network virtualization architecture with bandwidth guarantees},
  author={Guo, Chuanxiong and Lu, Guohan and Wang, Helen J and Yang, Shuang and Kong, Chao and Sun, Peng and Wu, Wenfei and Zhang, Yongguang},
  booktitle={Proceedings of the 6th International COnference},
  pages={15},
  year={2010},
  organization={ACM}
}

@inproceedings{sysv2014,
  title={On Semivaluations and Semimodularity},
  author={Schellekens, Michel and Yu, Teng and Romaguera, Salvador and Valero, Oscar},
  booktitle={Domains XI International Workshop on domain theory and applications},
  year={2014},
}

@book{gratzer2011lattice,
  title={Lattice theory: foundation},
  author={Gr{\"a}tzer, George},
  year={2011},
  publisher={Springer Science \& Business Media}
}

@incollection{gratzer1978modular,
  title={Modular and Semimodular Lattices},
  author={Gr{\"a}tzer, George},
  booktitle={General Lattice Theory},
  pages={161--226},
  year={1978},
  publisher={Springer}
}

@incollection{harness1,
  title={The HARNESS Platform: A Hardware- and Network-Enhanced Software System for Cloud Computing},
  author={FP7 HARNESS consortium},
  booktitle={Software Architecture for Big Data and the Cloud},
  year={2017},
  publisher={Elsevier}
}


@techreport{harness,
  author       = {FP7 HARNESS consortium},
  title        = {The HARNESS Platform: A Hardware- and Network-Enhanced Software System for Cloud Computing},
  number       = {FP7/2007-2013},
  month        = Nov,
  year         = 2015
}

@inproceedings{coutinho2014harness,
  title={HARNESS project: Managing Heterogeneous Compute Resources for a Cloud Platform},
  author={Coutinho, JGF and Pell, O and O'Neill, E and Sanders, P and McGlone, J and Grigoras, P and Luk, W and Ragusa, C},
  booktitle={Proc. the 10th International Symposium on Applied Reconfigurable Computing (ARC)},
  year={2014}
}

@article{lightning2016cloudlightning,
  title={Cloudlightning Position Paper},
  author={Lightning, Cloud},
  journal={Available at SSRN},
  year={2016}
}

@inproceedings{bleichenbacher1993computing,
  title={Computing the canonical representation of a finite lattice},
  author={Bleichenbacher, Daniel and Schmid, Jiirg},
  booktitle={Semantics of programming languages and model theory},
  volume={5},
  pages={269},
  year={1993},
  organization={CRC Press}
}

@book{birkhoff1940lattice,
  title={Lattice theory},
  author={Birkhoff, Garrett},
  volume={25},
  year={1940},
  publisher={American Mathematical Soc.}
}

@article{todman2005reconfigurable,
  title={Reconfigurable computing: architectures and design methods},
  author={Todman, Timothy J and Constantinides, George A and Wilton, Steven JE and Mencer, Oscar and Luk, Wayne and Cheung, Peter YK},
  journal={IEE Proceedings-Computers and Digital Techniques},
  volume={152},
  number={2},
  pages={193--207},
  year={2005},
  publisher={IET}
}

@inproceedings{ciobanu2015extra,
  title={EXTRA: Towards an Efficient Open Platform for Reconfigurable High Performance Computing},
  author={Ciobanu, Catalin Bogdan and Varbanescu, Ana Lucia and Pnevmatikatos, Dionisios and Charitopoulos, George and Niu, Xinyu and Luk, Wayne and Santambrogio, Marco D and Sciuto, Donatella and Kadi, Muhammed Al and Huebner, Michael and others},
  booktitle={Computational Science and Engineering (CSE), 2015 IEEE 18th International Conference on},
  pages={339--342},
  year={2015},
  organization={IEEE}
}

@inproceedings{niu2012exploiting,
  title={Exploiting run-time reconfiguration in stencil computation},
  author={Niu, Xinyu and Jin, Qiwei and Luk, Wayne and Liu, Qiang and Pell, Oliver},
  booktitle={Field Programmable Logic and Applications (FPL), 2012 22nd International Conference on},
  pages={173--180},
  year={2012},
  organization={IEEE}
}

@article{niu2014self,
  title={A Self-Aware Tuning and Self-Aware Evaluation Method for Finite-Difference Applications in Reconfigurable Systems},
  author={Niu, Xinyu and Jin, Qiwei and Luk, Wayne and Weston, Stephen},
  journal={ACM Transactions on Reconfigurable Technology and Systems (TRETS)},
  volume={7},
  number={2},
  pages={15},
  year={2014},
  publisher={ACM}
}

@inproceedings{niu2013dynamic,
  title={Dynamic stencil: Effective exploitation of run-time resources in reconfigurable clusters},
  author={Niu, Xinyu and Coutinho, Jos{\'e} Gabriel F and Wang, Yu and Luk, Wayne},
  booktitle={Field-Programmable Technology (FPT), 2013 International Conference on},
  pages={214--221},
  year={2013},
  organization={IEEE}
}

@article{wang2015multi,
  title={Multi-resource fair allocation in heterogeneous cloud computing systems},
  author={Wang, Wei and Liang, Ben and Li, Baochun},
  journal={Parallel and Distributed Systems, IEEE Transactions on},
  volume={26},
  number={10},
  pages={2822--2835},
  year={2015},
  publisher={IEEE}
}

@article{hussain2015amc,
  title={AMC: Advanced multi-accelerator controller},
  author={Hussain, Tassadaq and Haider, Amna and Gursal, Shakaib A and Ayguad{\'e}, Eduard},
  journal={Parallel Computing},
  volume={41},
  pages={14--30},
  year={2015},
  publisher={Elsevier}
}

@inproceedings{hussain2012ppmc,
  title={PPMC: Hardware scheduling and memory management support for multi accelerators},
  author={Hussain, Tassadaq and Pericas, Miguel and Navarro, Nacho and Ayguad{\'e}, Eduard},
  booktitle={FPL},
  pages={571--574},
  year={2012},
  organization={IEEE}
}

@inproceedings{ferrante2005qos,
  title={A QoS-enabled packet scheduling algorithm for IPSec multi-accelerator based systems},
  author={Ferrante, Alberto and Piuri, Vincenzo and Castanier, Fabien},
  booktitle={Proceedings of the 2nd Conference on Computing Frontiers},
  pages={221--229},
  year={2005},
  organization={ACM}
}

@inproceedings{grandl2014multi,
  title={Multi-resource packing for cluster schedulers},
  author={Grandl, Robert and Ananthanarayanan, Ganesh and Kandula, Srikanth and Rao, Sriram and Akella, Aditya},
  booktitle={ACM SIGCOMM Computer Communication Review},
  volume={44},
  number={4},
  pages={455--466},
  year={2014},
  organization={ACM}
}

@article{woeginger1997there,
  title={There is no asymptotic PTAS for two-dimensional vector packing},
  author={Woeginger, Gerhard J},
  journal={Information Processing Letters},
  volume={64},
  number={6},
  pages={293--297},
  year={1997},
  publisher={Elsevier}
}

@inproceedings{margiolas2015palmos,
  title={PALMOS: A Transparent, Multi-tasking Acceleration Layer for Parallel Heterogeneous Systems},
  author={Margiolas, Christos and O'Boyle, Michael FP},
  booktitle={ICS},
  pages={307--318},
  year={2015},
  organization={ACM}
}

@inproceedings{bolchini2015orchestrated,
  title={An orchestrated approach to efficiently manage resources in heterogeneous system architectures},
  author={Bolchini, Cristiana and Durelli, Gianluca C and Miele, Antonio and Pallotta, Gabriele and Santambrogio, Marco D},
  booktitle={Computer Design (ICCD), 2015 33rd IEEE International Conference on},
  pages={200--207},
  year={2015},
  organization={IEEE}
}

@inproceedings{shen2015statistical,
  title={Statistical characterization of business-critical workloads hosted in cloud datacenters},
  author={Shen, Siqi and van Beek, Vincent and Iosup, Alexandru},
  booktitle={Cluster, Cloud and Grid Computing (CCGrid), 2015 15th IEEE/ACM International Symposium on},
  pages={465--474},
  year={2015},
  organization={IEEE}
}

@article{van2015self,
  title={Self-Expressive Management of Business-Critical Workloads in Virtualized Datacenters},
  author={van Beek, Vincent and Donkervliet, Jesse and Hegeman, Tim and Hugtenburg, Stefan and Iosup, Alexandru},
  journal={Computer},
  number={7},
  pages={46--54},
  year={2015},
  publisher={IEEE}
}

@inproceedings{gan2014highly,
  title={A highly-efficient and green data flow engine for solving euler atmospheric equations},
  author={Gan, Lin and Fu, Haohuan and Yang, Chao and Luk, Wayne and Xue, Wei and Mencer, Oskar and Huang, Xiaomeng and Yang, Guangwen},
  booktitle={Field Programmable Logic and Applications (FPL), 2014 24th International Conference on},
  pages={1--6},
  year={2014},
  organization={IEEE}
}

@article{mueller2012sorting,
  title={Sorting networks on FPGAs},
  author={Mueller, Rene and Teubner, Jens and Alonso, Gustavo},
  journal={The VLDB Journal - The International Journal on Very Large Data Bases},
  volume={21},
  number={1},
  pages={1--23},
  year={2012},
  publisher={Springer-Verlag New York, Inc.}
}

@article{kos2015chapter,
  title={Chapter Four-Sorting Networks on Maxeler Dataflow Supercomputing Systems},
  author={Kos, Anton and Rankovi{\'c}, Vuka{\v{s}}in and Toma{\v{z}}i{\v{c}}, Sa{\v{s}}o},
  journal={Advances in Computers},
  volume={96},
  pages={139--186},
  year={2015},
  publisher={Elsevier}
}

@book{hauck2010reconfigurable,
  title={Reconfigurable computing: the theory and practice of FPGA-based computation},
  author={Hauck, Scott and DeHon, Andre},
  year={2010},
  publisher={Morgan Kaufmann}
}

@masterthesis{van2015design,
  title={Design and evaluation of a portfolio scheduler for business-critical workloads hosted in cloud datacenters},
  author={Van Beek, VS},
  year={2015},
  school={TU Delft, Delft University of Technology}
}

@article{bessiere2006constraint,
  title={Constraint propagation},
  author={Bessiere, Christian},
  journal={Handbook of constraint programming},
  volume={2},
  pages={29--83},
  year={2006}
}

@article{buyya2009cloud,
  title={Cloud computing and emerging IT platforms: Vision, hype, and reality for delivering computing as the 5th utility},
  author={Buyya, Rajkumar and Yeo, Chee Shin and Venugopal, Srikumar and Broberg, James and Brandic, Ivona},
  journal={Future Generation computer systems},
  volume={25},
  number={6},
  pages={599--616},
  year={2009},
  publisher={Elsevier}
}

@article{buyya2010energy,
  title={Energy-efficient management of data center resources for cloud computing: a vision, architectural elements, and open challenges},
  author={Buyya, Rajkumar and Beloglazov, Anton and Abawajy, Jemal},
  journal={arXiv preprint arXiv:1006.0308},
  year={2010}
}

@incollection{garg2011green,
  title={Green cloud framework for improving carbon efficiency of clouds},
  author={Garg, Saurabh Kumar and Yeo, Chee Shin and Buyya, Rajkumar},
  booktitle={Euro-Par 2011 Parallel Processing},
  pages={491--502},
  year={2011},
  publisher={Springer}
}


@inproceedings{yu2016asap,
  title={Relation-Oriented Resource Allocation for Multi-Accelerator Systems},
  author={Yu, Teng and Feng, Bo and Stillwell, Mark and F Coutinho, Jos{\'e} Gabriel and Zhao, Wenlai and Liang, Shuang and Luk, Wayne and Wolf, Alexander L and Ma, Yuchun},
  booktitle={Application-Specific Systems, Architectures and Processors (ASAP), 2016. Proceedings. The IEEE International Conference on},
  pages={243--244},
  year={2016},
  organization={IEEE}
}

@article{schwiegelshohn2010perspectives,
  title={Perspectives on grid computing},
  author={Schwiegelshohn, Uwe and Badia, Rosa M and Bubak, Marian and Danelutto, Marco and Dustdar, Schahram and Gagliardi, Fabrizio and Geiger, Alfred and Hluchy, Ladislav and Kranzlm{\"u}ller, Dieter and Laure, Erwin and others},
  journal={Future Generation Computer Systems},
  volume={26},
  number={8},
  pages={1104--1115},
  year={2010},
  publisher={Elsevier}
}

@inproceedings{feng2012revenue,
  title={Revenue maximization using adaptive resource provisioning in cloud computing environments},
  author={Feng, Guofu and Garg, Saurabh and Buyya, Rajkumar and Li, Wenzhong},
  booktitle={Proceedings of the 2012 ACM/IEEE 13th International Conference on Grid Computing},
  pages={192--200},
  year={2012},
  organization={IEEE Computer Society}
}

@article{assunccao2015big,
  title={Big Data computing and clouds: Trends and future directions},
  author={Assun{\c{c}}{\~a}o, Marcos D and Calheiros, Rodrigo N and Bianchi, Silvia and Netto, Marco AS and Buyya, Rajkumar},
  journal={Journal of Parallel and Distributed Computing},
  volume={79},
  pages={3--15},
  year={2015},
  publisher={Elsevier}
}

@inproceedings{lee2011heterogeneity,
  title={Heterogeneity-Aware Resource Allocation and Scheduling in the Cloud.},
  author={Lee, Gunho and Katz, Randy H},
  booktitle={HotCloud},
  year={2011}
}

@inproceedings{delimitrou2013paragon,
  title={Paragon: QoS-aware scheduling for heterogeneous datacenters},
  author={Delimitrou, Christina and Kozyrakis, Christos},
  booktitle={ACM SIGPLAN Notices},
  volume={48},
  number={4},
  pages={77--88},
  year={2013},
  organization={ACM}
}

@article{vignesh2013resource,
  title={Resource management and scheduling in cloud environment},
  author={Vignesh, V and Sendhil Kumar, KS and Jaisankar, N},
  journal={International Journal of Scientific and Research Publications},
  volume={3},
  number={6},
  pages={1},
  year={2013},
  publisher={Citeseer}
}

@inproceedings{schwarzkopf2013omega,
  title={Omega: flexible, scalable schedulers for large compute clusters},
  author={Schwarzkopf, Malte and Konwinski, Andy and Abd-El-Malek, Michael and Wilkes, John},
  booktitle={Proceedings of the 8th ACM European Conference on Computer Systems},
  pages={351--364},
  year={2013},
  organization={ACM}
}

@article{araya2011assessing,
  title={Assessing accelerator-based HPC reverse time migration},
  author={Araya-Polo, Mauricio and Cabezas, Javier and Hanzich, Mauricio and Pericas, Miquel and Rubio, Felix and Gelado, Isaac and Shafiq, Muhammad and Morancho, Enric and Navarro, Nacho and Ayguade, Eduard and others},
  journal={IEEE Transactions on Parallel and Distributed Systems},
  volume={22},
  number={1},
  pages={147--162},
  year={2011},
  publisher={IEEE}
}

@article{fu2014scaling,
  title={Scaling reverse time migration performance through reconfigurable dataflow engines},
  author={Fu, Haohuan and Gan, Lin and Clapp, Robert G and Ruan, Huabin and Pell, Oliver and Mencer, Oskar and Flynn, Michael and Huang, Xiaomeng and Yang, Guangwen},
  journal={IEEE Micro},
  volume={34},
  number={1},
  pages={30--40},
  year={2014},
  publisher={IEEE}
}

@article{yao1980new,
  title={New algorithms for bin packing},
  author={Yao, Andrew Chi-Chih},
  journal={Journal of the ACM (JACM)},
  volume={27},
  number={2},
  pages={207--227},
  year={1980},
  publisher={ACM}
}

@article{topcuoglu2002performance,
  title={Performance-effective and low-complexity task scheduling for heterogeneous computing},
  author={Topcuoglu, Haluk and Hariri, Salim and Wu, Min-you},
  journal={IEEE transactions on parallel and distributed systems},
  volume={13},
  number={3},
  pages={260--274},
  year={2002},
  publisher={IEEE}
}

@article{jing2013energy,
  title={Energy-efficient scheduling on multi-FPGA reconfigurable systems},
  author={Jing, Chao and Zhu, Yanmin and Li, Minglu},
  journal={Microprocessors and Microsystems},
  volume={37},
  number={6},
  pages={590--600},
  year={2013},
  publisher={Elsevier}
}

@book{coley1999introduction,
  title={An introduction to genetic algorithms for scientists and engineers},
  author={Coley, David A},
  year={1999},
  publisher={World scientific}
}

@article{guo2016parallel,
  title={Parallel Genetic Algorithms on Multiple FPGAs},
  author={Guo, Liucheng and Funie, Andreea Ingrid and Thomas, David B and Fu, Haohuan and Luk, Wayne},
  journal={ACM SIGARCH Computer Architecture News},
  volume={43},
  number={4},
  pages={86--93},
  year={2016},
  publisher={ACM}
}

@inproceedings{jibaja2016portable,
  title={Portable performance on asymmetric multicore processors},
  author={Jibaja, Ivan and Cao, Ting and Blackburn, Stephen M and McKinley, Kathryn S},
  booktitle={Proceedings of the 2016 International Symposium on Code Generation and Optimization},
  pages={24--35},
  year={2016},
  organization={ACM}
}

@inproceedings{cao2012yin,
  title={The yin and yang of power and performance for asymmetric hardware and managed software},
  author={Cao, Ting and Blackburn, Stephen M and Gao, Tiejun and McKinley, Kathryn S},
  booktitle={ACM SIGARCH Computer Architecture News},
  volume={40},
  number={3},
  pages={225--236},
  year={2012},
  organization={IEEE Computer Society}
}

@inproceedings{van2013fairness,
  title={Fairness-aware scheduling on single-ISA heterogeneous multi-cores},
  author={Van Craeynest, Kenzo and Akram, Shoaib and Heirman, Wim and Jaleel, Aamer and Eeckhout, Lieven},
  booktitle={Proceedings of the 22nd international conference on Parallel architectures and compilation techniques},
  pages={177--188},
  year={2013},
  organization={IEEE Press}
}

@inproceedings{van2012scheduling,
  title={Scheduling heterogeneous multi-cores through performance impact estimation (PIE)},
  author={Van Craeynest, Kenzo and Jaleel, Aamer and Eeckhout, Lieven and Narvaez, Paolo and Emer, Joel},
  booktitle={ACM SIGARCH Computer Architecture News},
  volume={40},
  number={3},
  pages={213--224},
  year={2012},
  organization={IEEE Computer Society}
}

@book{rodriguez2006linux,
  title={The Linux kernel primer: a top-down approach for x86 and PowerPC architectures},
  author={Rodriguez, Claudia Salzberg and Fischer, Gordon},
  year={2006},
  publisher={Pearson Education India}
}

@article{joao2012bottleneck,
  title={Bottleneck identification and scheduling in multithreaded applications},
  author={Joao, Jos{\'e} A and Suleman, M Aater and Mutlu, Onur and Patt, Yale N},
  journal={ACM SIGPLAN Notices},
  volume={47},
  number={4},
  pages={223--234},
  year={2012},
  publisher={ACM}
}

@inproceedings{suleman2009accelerating,
  title={Accelerating critical section execution with asymmetric multi-core architectures},
  author={Suleman, M Aater and Mutlu, Onur and Qureshi, Moinuddin K and Patt, Yale N},
  booktitle={ACM SIGARCH Computer Architecture News},
  volume={37},
  number={1},
  pages={253--264},
  year={2009},
  organization={ACM}
}

@article{jeff2012advances,
  title={Advances in big. little technology for power and energy savings},
  author={Jeff, Brian},
  journal={ARM White paper},
  pages={33},
  year={2012}
}

@article{mittal2016survey,
  title={A survey of techniques for architecting and managing asymmetric multicore processors},
  author={Mittal, Sparsh},
  journal={ACM Computing Surveys (CSUR)},
  volume={48},
  number={3},
  pages={45},
  year={2016},
  publisher={ACM}
}

@article{akram2016boosting,
  title={Boosting the priority of garbage: Scheduling collection on heterogeneous multicore processors},
  author={Akram, Shoaib and Sartor, Jennifer B and Craeynest, Kenzo Van and Heirman, Wim and Eeckhout, Lieven},
  journal={ACM Transactions on Architecture and Code Optimization (TACO)},
  volume={13},
  number={1},
  pages={4},
  year={2016},
  publisher={ACM}
}

@inproceedings{venkat2014harnessing,
  title={Harnessing ISA diversity: Design of a heterogeneous-ISA chip multiprocessor},
  author={Venkat, Ashish and Tullsen, Dean M},
  booktitle={Computer Architecture (ISCA), 2014 ACM/IEEE 41st International Symposium on},
  pages={121--132},
  year={2014},
  organization={IEEE}
}

@inproceedings{micolet2016machine,
  title={A machine learning approach to mapping streaming workloads to dynamic multicore processors},
  author={Micolet, Paul-Jules and Smith, Aaron and Dubach, Christophe},
  booktitle={Proceedings of the 17th ACM SIGPLAN/SIGBED Conference on Languages, Compilers, Tools, and Theory for Embedded Systems},
  pages={113--122},
  year={2016},
  organization={ACM}
}

@article{joao2013utility,
  title={Utility-based acceleration of multithreaded applications on asymmetric CMPs},
  author={Joao, Jos{\'e} A and Suleman, M Aater and Mutlu, Onur and Patt, Yale N},
  journal={ACM SIGARCH Computer Architecture News},
  volume={41},
  number={3},
  pages={154--165},
  year={2013},
  publisher={ACM}
}

@article{kim2018exploring,
  title={Exploring the Design Space of Fair Scheduling Supports for Asymmetric Multicore Systems},
  author={Kim, Changdae and Huh, Jaehyuk},
  journal={IEEE Transactions on Computers},
  year={2018},
  publisher={IEEE}
}

@article{han2018multicore,
  title={Multicore Mixed-Criticality Systems: Partitioned Scheduling and Utilization Bound},
  author={Han, Jian-Jun and Tao, Xin and Zhu, Dakai and Aydin, Hakan and Shao, Zili and Yang, Laurence T},
  journal={IEEE Transactions on Computer-Aided Design of Integrated Circuits and Systems},
  volume={37},
  number={1},
  pages={21--34},
  year={2018},
  publisher={IEEE}
}

@article{jeff2013big,
  title={big. LITTLE technology moves towards fully heterogeneous global task scheduling},javascript:void(0);
  author={Jeff, Brian},
  journal={ARM White Paper},
  year={2013}
}

@article{binkert2011gem5,
  title={The gem5 simulator},
  author={Binkert, Nathan and Beckmann, Bradford and Black, Gabriel and Reinhardt, Steven K and Saidi, Ali and Basu, Arkaprava and Hestness, Joel and Hower, Derek R and Krishna, Tushar and Sardashti, Somayeh and others},
  journal={ACM SIGARCH Computer Architecture News},
  volume={39},
  number={2},
  pages={1--7},
  year={2011},
  publisher={ACM}
}

@inproceedings{bienia2008parsec,
  title={The PARSEC benchmark suite: Characterization and architectural implications},
  author={Bienia, Christian and Kumar, Sanjeev and Singh, Jaswinder Pal and Li, Kai},
  booktitle={Proceedings of the 17th international conference on Parallel architectures and compilation techniques},
  pages={72--81},
  year={2008},
  organization={ACM}
}

@article{henning2006spec,
  title={SPEC CPU2006 benchmark descriptions},
  author={Henning, John L},
  journal={ACM SIGARCH Computer Architecture News},
  volume={34},
  number={4},
  pages={1--17},
  year={2006},
  publisher={ACM}
}

@article{wang2016rebudget,
  title={ReBudget: Trading off efficiency vs. fairness in market-based multicore resource allocation via runtime budget reassignment},
  author={Wang, Xiaodong and Mart{\'\i}nez, Jos{\'e} F},
  journal={ACM SIGPLAN Notices},
  volume={51},
  number={4},
  pages={19--32},
  year={2016},
  publisher={ACM}
}

@article{Kumar:2005:HCM:1100859.1100890,
 author = {Kumar, Rakesh and Tullsen, Dean M. and Jouppi, Norman P. and Ranganathan, Parthasarathy},
 title = {Heterogeneous Chip Multiprocessors},
 journal = {Computer},
 issue_date = {November 2005},
 volume = {38},
 number = {11},
 month = nov,
 year = {2005},
 issn = {0018-9162},
 pages = {32--38},
 numpages = {7},
 url = {https://doi.org/10.1109/MC.2005.379},
 doi = {10.1109/MC.2005.379},
 acmid = {1100890},
 publisher = {IEEE Computer Society Press},
 address = {Los Alamitos, CA, USA},
 keywords = {CMP, Chip multiprocessors, Heterogeneity, Multicore microprocessors, Multiprocessors, Multiprocessors, Multicore microprocessors, Chip multiprocessors, CMP, Power-aware computing, System architectures, Heterogeneity, Power-aware computing, System architectures},
} 

@techreport{bienia08characterizationreport,
  author      = {Christian Bienia and Sanjeev Kumar and Jaswinder Pal Singh and Kai Li},
  title       = {The PARSEC Benchmark Suite: Characterization and Architectural Implications},
  institution = {Princeton University},
  year        = {2008},
  month       = {January},
  number      = {TR-811-08}
}
