@inproceedings{jibaja2016portable,
  title={Portable performance on asymmetric multicore processors},
  author={Jibaja, Ivan and Cao, Ting and Blackburn, Stephen M and McKinley, Kathryn S},
  booktitle={Proceedings of the 2016 International Symposium on Code Generation and Optimization (CGO)},
  year={2016}
}

@inproceedings{cao2012yin,
  title={The yin and yang of power and performance for asymmetric hardware and managed software},
  author={Cao, Ting and Blackburn, Stephen M and Gao, Tiejun and McKinley, Kathryn S},
  booktitle={Proceedings of the 39th Annual International Symposium on Computer Architecture (ISCA)},
  year={2012}
}

@inproceedings{du2013criticality,
  title={Criticality stacks: Identifying critical threads in parallel programs using synchronization behavior},
  author={Du Bois, Kristof and Eyerman, Stijn and Sartor, Jennifer B and Eeckhout, Lieven},
  booktitle={Proceedings of the 40th Annual International Symposium on Computer Architecture (ISCA)},
  year={2013}
}

@article{ARMA57,
  title={http://infocenter.arm.com/help/index.jsp?topic=/com.arm.doc.ddi0388e/ BEHEDIHI.html},
  author={ARM Cortex-A57 Technical Reference Manual},
  year={2016}
}

@inproceedings{kumar2004single,
  title={Single-ISA heterogeneous multi-core architectures for multithreaded workload performance},
  author={Kumar, Rakesh and Tullsen, Dean M and Ranganathan, Parthasarathy and Jouppi, Norman P and Farkas, Keith I},
  booktitle={Proceedings of the 31th Annual International Symposium on Computer Architecture (ISCA)},
  year={2004}
}

@inproceedings{li2009efficient,
  title={Efficient and scalable multiprocessor fair scheduling using distributed weighted round-robin},
  author={Li, Tong and Baumberger, Dan and Hahn, Scott},
  booktitle={Proceedings of the 14th ACM SIGPLAN Symposium on Principles and Practice of Parallel Programming (PPoPP)},
  year={2009}
}

@inproceedings{van2013fairness,
  title={Fairness-aware scheduling on single-ISA heterogeneous multi-cores},
  author={Van Craeynest, Kenzo and Akram, Shoaib and Heirman, Wim and Jaleel, Aamer and Eeckhout, Lieven},
  booktitle={Proceedings of the 22nd international conference on Parallel Architectures and Compilation Techniques (PACT)},
  year={2013}
}

@inproceedings{ bienia08characterization,
  author = {Christian Bienia and Sanjeev Kumar and Jaswinder Pal Singh and Kai Li},
  title = {The PARSEC Benchmark Suite: Characterization and Architectural Implications},
  booktitle = {Proceedings of the 17th International Conference on Parallel Architectures and Compilation Techniques (PACT)},
  year      = {2008}
}

@inproceedings{van2012scheduling,
  title={Scheduling heterogeneous multi-cores through performance impact estimation (PIE)},
  author={Van Craeynest, Kenzo and Jaleel, Aamer and Eeckhout, Lieven and Narvaez, Paolo and Emer, Joel},
  booktitle={Proceedings of the 39th Annual International Symposium on Computer Architecture (ISCA)},
  year={2012}
}

@inproceedings{joao2012bottleneck,
  author = "Joao, Jos{\'e} A and Suleman, M Aater and Mutlu, Onur and Patt, Yale N",
  title = "Bottleneck identification and scheduling in multithreaded applications",
  year = "2012",
  booktitle = " Proceedings of the 17th international Conference on Architectural Support for Programming Languages and Operating Systems (ASPLOS)"
}

@inproceedings{wang2016rebudget,
  author = "Wang, Xiaodong and Mart{\'\i}nez, Jos{\'e} F",
  title = "ReBudget: Trading off efficiency vs. fairness in market-based multicore resource allocation via runtime budget reassignment",
  year = "2016",
  booktitle = " Proceedings of the 21th international Conference on Architectural Support for Programming Languages and Operating Systems (ASPLOS)"
}

@inproceedings{becchi2006dynamic,
  title={Dynamic thread assignment on heterogeneous multiprocessor architectures},
  author={Becchi, Michela and Crowley, Patrick},
  year = "2006",
  booktitle={Proceedings of the 3rd conference on Computing frontiers (CF)},
  organization={ACM}
}

@inproceedings{suleman2009accelerating,
  author = "Suleman, M Aater and Mutlu, Onur and Qureshi, Moinuddin K and Patt, Yale N",
  title = "Accelerating critical section execution with asymmetric multi-core architectures",
  year = "2009",
  booktitle = "Proceedings of the 14th international Conference on Architectural Support for Programming Languages and Operating systems (ASPLOS)"
}

@inproceedings{haque2017exploiting,
  title={Exploiting heterogeneity for tail latency and energy efficiency},
  author={Haque, Md E and He, Yuxiong and Elnikety, Sameh and Nguyen, Thu D and Bianchini, Ricardo and McKinley, Kathryn S},
  booktitle={Proceedings of the 50th Annual IEEE/ACM International Symposium on Microarchitecture (MICRO)},
  year={2017}
}

@inproceedings{kumar2003single,
  title={Single-ISA heterogeneous multi-core architectures: The potential for processor power reduction},
  author={Kumar, Rakesh and Farkas, Keith I and Jouppi, Norman P and Ranganathan, Parthasarathy and Tullsen, Dean M},
  booktitle={Proceedings of the 36th annual IEEE/ACM International Symposium on Microarchitecture (MICRO)},
  year={2003}
}

@inproceedings{joao2013utility,
  author = "Joao, Jos{\'e} A and Suleman, M Aater and Mutlu, Onur and Patt, Yale N",
  title = "Utility-based acceleration of multithreaded applications on asymmetric CMPs",
  year = "2013",
  booktitle = "Proceedings of the 40th Annual International Symposium on Computer Architecture (ISCA)"
}

@inproceedings{woo1995splash,
  title={The SPLASH-2 programs: Characterization and methodological considerations},
  author={Woo, Steven Cameron and Ohara, Moriyoshi and Torrie, Evan and Singh, Jaswinder Pal and Gupta, Anoop},
  booktitle={Proceedings of the 22th Annual International Symposium on Computer Architecture (ISCA)},
  year={1995},
}

@inproceedings{venkat2014harnessing,
  title={Harnessing ISA diversity: Design of a heterogeneous-ISA chip multiprocessor},
  author={Venkat, Ashish and Tullsen, Dean M},
  booktitle={Proceedings of the 41th Annual International Symposium on Computer Architecture (ISCA)},
  year={2014},
}

@inproceedings{kim2016fairness,
  title={Fairness-oriented OS scheduling support for multicore systems},
  author={Kim, Changdae and Huh, Jaehyuk},
  booktitle={Proceedings of the 2016 ACM International Conference on Supercomputing (ICS)},
  year={2016}
}

@inproceedings{southern2016analysis,
  title={Analysis of PARSEC workload scalability},
  author={Southern, Gabriel and Renau, Jose},
  booktitle={Performance Analysis of Systems and Software (ISPASS), 2016 IEEE International Symposium on},
  year={2016},
  organization={IEEE}
}

@inproceedings{roth2012deconstructing,
  title={Deconstructing the overhead in parallel applications},
  author={Roth, Mark and Best, Micah J and Mustard, Craig and Fedorova, Alexandra},
  booktitle={Workload Characterization (IISWC), 2012 IEEE International Symposium on},
  year={2012},
  organization={IEEE}
}

@inproceedings{naithani2017reliability,
  title={Reliability-aware scheduling on heterogeneous multicore processors},
  author={Naithani, Ajeya and Eyerman, Stijn and Eeckhout, Lieven},
  booktitle={High Performance Computer Architecture (HPCA), 2017 IEEE International Symposium on},
  year={2017},
  organization={IEEE}
}

@inproceedings{zahedi2018amdahl,
  title={Amdahl\'s Law in the Datacenter Era: A Market for Fair Processor Allocation},
  author={Zahedi, Seyed Majid and Llull, Qiuyun and Lee, Benjamin C},
  booktitle={2018 IEEE International Symposium on High Performance Computer Architecture (HPCA)},
  year={2018},
  organization={IEEE}
}

@article{mittal2016survey,
  title={A survey of techniques for architecting and managing asymmetric multicore processors},
  author={Mittal, Sparsh},
  journal={ACM Computing Surveys (CSUR)},
  volume={48},
  number={3},
  pages={45},
  year={2016},
  publisher={ACM}
}

@article{saez2012leveraging,
  title={Leveraging core specialization via OS scheduling to improve performance on asymmetric multicore systems},
  author={Saez, Juan Carlos and Fedorova, Alexandra and Koufaty, David and Prieto, Manuel},
  journal={ACM Transactions on Computer Systems (TOCS)},
  volume={30},
  number={2},
  pages={6},
  year={2012},
  publisher={ACM}
}

@inproceedings{jeff2013big,
  title={big.LITTLE technology moves towards fully heterogeneous global task scheduling},
  author={Jeff, Brian},
  booktitle={ARM White Paper},
  year={2013}
}

@article{han2018multicore,
  title={Multicore Mixed-Criticality Systems: Partitioned Scheduling and Utilization Bound},
  author={Han, Jian-Jun and Tao, Xin and Zhu, Dakai and Aydin, Hakan and Shao, Zili and Yang, Laurence T},
  journal={IEEE Transactions on Computer-Aided Design of Integrated Circuits and Systems (TCAD)},
  volume={37},
  number={1},
  pages={21--34},
  year={2018},
  publisher={IEEE}
}

@article{kim2018exploring,
  title={Exploring the Design Space of Fair Scheduling Supports for Asymmetric Multicore Systems},
  author={Kim, Changdae and Huh, Jaehyuk},
  journal={IEEE Transactions on Computers (TC)},
  year={2018},
  publisher={IEEE}
}

@inproceedings{bienia2008parsec,
  title={The PARSEC benchmark suite: Characterization and architectural implications},
  author={Bienia, Christian and Kumar, Sanjeev and Singh, Jaswinder Pal and Li, Kai},
  booktitle={Proceedings of the 17th international conference on Parallel Architectures and Compilation Techniques (PACT)},
  year={2008}
}

@inproceedings{li2007efficient,
  title={Efficient operating system scheduling for performance-asymmetric multi-core architectures},
  author={Li, Tong and Baumberger, Dan and Koufaty, David A and Hahn, Scott},
  booktitle={Supercomputing, 2007. (SC). Proceedings of the 2007 ACM/IEEE Conference on},
  year={2007},
  organization={IEEE}
}

@article{henning2006spec,
  title={SPEC CPU2006 benchmark descriptions},
  author={Henning, John L},
  journal={ACM SIGARCH Computer Architecture News},
  volume={34},
  number={4},
  pages={1--17},
  year={2006},
  publisher={ACM}
}

@article{chronaki2017task,
  title={Task scheduling techniques for asymmetric multi-core systems},
  author={Chronaki, Kallia and Rico, Alejandro and Casas, Marc and Moret{\'o}, Miquel and Badia, Rosa M and Ayguad{\'e}, Eduard and Labarta, Jesus and Valero, Mateo},
  journal={IEEE Transactions on Parallel and Distributed Systems (TPDS)},
  volume={28},
  number={7},
  pages={2074--2087},
  year={2017},
  publisher={IEEE}
}

@article{binkert2011gem5,
  title={The gem5 simulator},
  author={Binkert, Nathan and Beckmann, Bradford and Black, Gabriel and Reinhardt, Steven K and Saidi, Ali and Basu, Arkaprava and Hestness, Joel and Hower, Derek R and Krishna, Tushar and Sardashti, Somayeh and others},
  journal={ACM SIGARCH Computer Architecture News},
  volume={39},
  number={2},
  pages={1--7},
  year={2011},
  publisher={ACM}
}

@inproceedings{molnar2007cfs,
  title={CFS scheduler},
  author={Molnar, Ingo},
  booktitle={Linux},
  volume={2},
  pages={36},
  year={2007}
}

@article{eyerman2008system,
  title={System-level performance metrics for multiprogram workloads},
  author={Eyerman, Stijn and Eeckhout, Lieven},
  journal={IEEE micro},
  volume={28},
  number={3},
  year={2008},
  publisher={IEEE}
}

@phdthesis{ bienia11benchmarking,
  author = {Christian Bienia},
  title = {Benchmarking Modern Multiprocessors},
  school = {Princeton University},
  year      = {2011},
  month     = {January}
}

@inproceedings{endo2014micro,
  title={Micro-architectural simulation of in-order and out-of-order ARM microprocessors with gem5},
  author={Endo, Fernando A and Courouss{\'e}, Damien and Charles, Henri-Pierre},
  booktitle={Embedded Computer Systems: Architectures, Modeling, and Simulation (SAMOS XIV), 2014 International Conference on},
  pages={266--273},
  year={2014},
  organization={IEEE}
}

@article{gallego2016dram,
  title={DRAM size independence in single-core processors using gem5},
  author={Gallego-Garc{\'e}s, Andr{\'e}s and Eslava-Garz{\'o}n, Sebasti{\'a}n},
  journal={Ingenio Magno},
  volume={6},
  number={2},
  pages={40--47},
  year={2016}
}

@book{witten2016data,
  title={Data Mining: Practical machine learning tools and techniques},
  author={Witten, Ian H and Frank, Eibe and Hall, Mark A and Pal, Christopher J},
  year={2016},
  publisher={Morgan Kaufmann}
}

@article{Kumar:2005:HCM:1100859.1100890,
 author = {Kumar, Rakesh and Tullsen, Dean M. and Jouppi, Norman P. and Ranganathan, Parthasarathy},
 title = {Heterogeneous Chip Multiprocessors},
 journal = {Computer},
 issue_date = {November 2005},
 volume = {38},
 number = {11},
 month = nov,
 year = {2005},
 issn = {0018-9162},
 pages = {32--38},
 numpages = {7},
 url = {https://doi.org/10.1109/MC.2005.379},
 doi = {10.1109/MC.2005.379},
 acmid = {1100890},
 publisher = {IEEE Computer Society Press},
 address = {Los Alamitos, CA, USA},
 keywords = {CMP, Chip multiprocessors, Heterogeneity, Multicore microprocessors, Multiprocessors, Multiprocessors, Multicore microprocessors, Chip multiprocessors, CMP, Power-aware computing, System architectures, Heterogeneity, Power-aware computing, System architectures},
} 

@techreport{ bienia08characterizationreport,
  author      = {Christian Bienia and Sanjeev Kumar and Jaswinder Pal Singh and Kai Li},
  title       = {The PARSEC Benchmark Suite: Characterization and Architectural Implications},
  institution = {Princeton University},
  year        = {2008},
  month       = {January},
  number      = {TR-811-08}
}